
@book{jennex_crisis_2011,
	title = {Crisis Response and Management and Emerging Information Systems: Critical Applications},
	isbn = {9781609606091, 9781609606107},
	shorttitle = {Crisis Response and Management and Emerging Information Systems},
	url = {http://www.igi-global.com/chapter/multilingual-crisis-knowledge-representation/53989},
	urldate = {2015-01-12},
	publisher = {{IGI} Global},
	editor = {Jennex, Murray E.},
	year = {2011},
	file = {Multilingual Crisis Knowledge Representation\: Public Policy and Administration Book Chapter | IGI Global:/home/rd/.zotero/zotero/cnpwjtoh.default/zotero/storage/MU6B4BJE/53989.html:text/html}
}